@article{burkner2017,
  title={{brms: An R package for Bayesian multilevel models using Stan}},
  author={B{\"u}rkner, Paul-Christian},
  journal={Journal of statistical software},
  volume={80},
  pages={1--28},
  year={2017}
}

@software{cmdstanr,
  author = {Gabry, Jonah and \v{C}e\v{s}novar, Rok},
  title = {Cmdstanr: R Interface to `Cmdstan'},
  url = {https://mc-stan.org/cmdstanr/},
  year = {2020},
}


@article{gao2021,
  title={Improving multilevel regression and poststratification with structured priors},
  author={Gao, Yuxiang and Kennedy, Lauren and Simpson, Daniel and Gelman, Andrew},
  journal={Bayesian Analysis},
  volume={16},
  number={3},
  pages={719--744},
  year={2021},
  publisher={International Society for Bayesian Analysis}
}

@article{gelman2020,
  title={Bayesian workflow},
  author={Gelman, Andrew and Vehtari, Aki and Simpson, Daniel and Margossian, Charles C and Carpenter, Bob and Yao, Yuling and Kennedy, Lauren and Gabry, Jonah and B{\"u}rkner, Paul-Christian and Modr{\'a}k, Martin},
  journal={arXiv preprint arXiv:2011.01808},
  year={2020}
}

@Misc{,
    title = {{RStan}: the {R} interface to {Stan}},
    author = {{Stan Development Team}},
    note = {R package version 2.21.5},
    year = {2022},
    url = {https://mc-stan.org/},
}

@article{si2020,
  title={On the Use of Auxiliary Variables in Multilevel Regression and Poststratification},
  author={Si, Yajuan},
  journal={arXiv preprint arXiv:2011.00360},
  year={2020}
}


